@Article{ATLASdet,
     author    = "Aad, G. and others",
 collaboration = "ATLAS",
     title     = "{The ATLAS Experiment at the CERN Large Hadron Collider}",
     journal   = "JINST",
     volume    = "3",
     year      = "2008",
     pages     = "S08003",
     doi       = "10.1088/1748-0221/3/08/S08003",
}
